%---------------------------------------------------------------------------%
%-                                                                         -%
%-                             Bibliography                                -%
%-                                                                         -%
%---------------------------------------------------------------------------%
@article{ArleoDLM16,
  author    = {Alessio Arleo and
               Walter Didimo and
               Giuseppe Liotta and
               Fabrizio Montecchiani},
  title     = {A Distributed Force-Directed Algorithm on Giraph: Design and Experiments},
  journal   = {CoRR},
  volume    = {abs/1606.02162},
  year      = {2016},
  url       = {http://arxiv.org/abs/1606.02162},
  archivePrefix = {arXiv},
  eprint    = {1606.02162},
  timestamp = {Mon, 13 Aug 2018 16:46:00 +0200},
  biburl    = {https://dblp.org/rec/bib/journals/corr/ArleoDLM16},
  bibsource = {dblp computer science bibliography, https://dblp.org}
}
 
@inproceedings{hadany1999multi,
  title={A multi-scale algorithm for drawing graphs nicely},
  author={Hadany, Ronny and Harel, David},
  booktitle={International Workshop on Graph-Theoretic Concepts in Computer Science},
  pages={262--277},
  year={1999},
  organization={Springer}
}

@article{nocaj2016adaptive,
  title={Adaptive disentanglement based on local clustering in small-world network visualization},
  author={Nocaj, Arlind and Ortmann, Mark and Brandes, Ulrik},
  journal={IEEE transactions on visualization and computer graphics},
  volume={22},
  number={6},
  pages={1662--1671},
  year={2016},
  publisher={IEEE}
}

@article{li2011stratified,
  title={Stratified sampling large relational networks using topologically divided stratums},
  author={Li, Yueping and Du, Xiaolin and Ye, Yunming and Wang, Eric Ke},
  journal={Procedia Engineering},
  volume={15},
  pages={3774--3779},
  year={2011},
  publisher={Elsevier}
}

@article{ahmed2014network,
  title={Network sampling: From static to streaming graphs},
  author={Ahmed, Nesreen K and Neville, Jennifer and Kompella, Ramana},
  journal={ACM Transactions on Knowledge Discovery from Data (TKDD)},
  volume={8},
  number={2},
  pages={7},
  year={2014},
  publisher={ACM}
}


@article{朱君鹏2019sns,
  title={SNS: 一种快速无偏的分层图抽样算法},
  author={朱君鹏 and 李晖 and 陈梅 and 戴震宇},
  journal={计算机科学},
  volume={45},
  number={11},
  pages={249--255},
  year={2019}
}

@inproceedings{leskovec2006sampling,
  title={Sampling from large graphs},
  author={Leskovec, Jure and Faloutsos, Christos},
  booktitle={Proceedings of the 12th ACM SIGKDD international conference on Knowledge discovery and data mining},
  pages={631--636},
  year={2006},
  organization={ACM}
}


@inproceedings{tikhonova2008scalable,
  title={A scalable parallel force-directed graph layout algorithm},
  author={Tikhonova, Anna and Ma, Kwan-Liu},
  booktitle={Proceedings of the 8th Eurographics conference on Parallel Graphics and Visualization},
  pages={25--32},
  year={2008},
  organization={Eurographics Association}
}

@inproceedings{Tilbury2008A,
  title={A Scalable Parallel Force-Directed Graph Layout Algorithm.},
  author={Tilbury, Alex and Clementson, Theresa},
  booktitle={Eurographics Conference on Parallel Graphics and Visualization},
  year={2008},
}


@inproceedings{Chae2012HD,
  title={HD-GraphViz:highly distributed graph visualization on tiled displays},
  author={Chae, Sangwon and Majumder, Aditi and Gopi, M.},
  booktitle={Eighth Indian Conference on Computer Vision},
  year={2012},
}

@inproceedings{Mueller2006Distributed,
  title={Distributed Force-Directed Graph Layout and Visualization.},
  author={Mueller, Christopher and Gregor, Douglas P and Lumsdaine, Andrew},
  booktitle={Eurographics Conference on Parallel Graphics & Visualization},
  year={2006},
}


@article{孙炜2002,
  title={基于遗传模拟退火算法的图的三维可视化},
  author={孙炜 and 吴伟民 and 陈志峰},
  journal={广东工业大学学报},
  volume={19},
  number={1},
  pages={37-41},
  year={2002},
}

@article{黄竞伟1998,
  title={基于遗传算法的无向图画图算法},
  author={黄竞伟 and 康立山},
  journal={数学杂志},
  number={s1},
  pages={68-72},
  year={1998},
}

@article{朱志良2011,
  title={基于复杂网络社区划分的网络拓扑结构可视化布局算法},
  author={朱志良 and 林森 and 崔坤 and 于海},
  journal={计算机辅助设计与图形学学报},
  volume={23},
  number={11},
  pages={1808-1815},
  year={2011},
}

@article{Chen1994Mathematical,
  title={Mathematical and computer modelling of the Pareto principle},
  author={Chen, Y. S. and Chong, P. P. and Tong, M. Y.},
  journal={Mathematical \& Computer Modelling},
  volume={19},
  number={9},
  pages={61–80},
  year={1994},
}

@article{孥甜甜2016基于,
  title={基于k-core的大规模复杂网络压缩布局算法},
  author={孥甜甜 and 卢罡 and 许南山 and 郭俊霞},
  journal={计算机工程},
  volume={42},
  number={5},
  pages={308-312},
  year={2016},
}

@Misc{chromev8,
author={Seeley, Rich and Jack Vaughan.},
title={{Google Chrome shifts architects' equations as V8 powers the browser}},
journal={SOA News},
year={2019},
month={Sep},
url={https://searchmicroservices.techtarget.com/info/news}
}

%---------------------------------------------------------------------------%
%-                                   工具                                                                            -%
%---------------------------------------------------------------------------%
@article{mrvar2016analysis,
  title={Analysis and visualization of large networks with program package Pajek},
  author={Mrvar, Andrej and Batagelj, Vladimir},
  year={2016}
}
@inproceedings{bastian2009gephi,
  title={Gephi: an open source software for exploring and manipulating networks},
  author={Bastian, Mathieu and Heymann, Sebastien and Jacomy, Mathieu},
  booktitle={Third international AAAI conference on weblogs and social media},
  year={2009}
}


@book{Ghim2014NetMiner,
  title={NetMiner},
  author={Ghim, Ghi Hoon and Cho, Namun and Seo, Jeongsu},
  year={2014},
}

@article{borgatti2014ucinet,
  title={Ucinet},
  author={Borgatti, Stephen P and Everett, Martin G and Freeman, Linton C},
  journal={Encyclopedia of social network analysis and mining},
  pages={2261--2267},
  year={2014},
  publisher={Springer}
}
@inproceedings{NodeXl2009,
  title={Analyzing (social media) networks with NodeXL},
  author={Smith, Marc A and Shneiderman, Ben and Milic-Frayling, Natasa and Mendes Rodrigues, Eduarda and Barash, Vladimir and Dunne, Cody and Capone, Tony and Perer, Adam and Gleave, Eric},
  booktitle={Proceedings of the fourth international conference on Communities and technologies},
  pages={255--264},
  year={2009},
  organization={ACM}
}

@inproceedings{bao2013bc,
  title={BC-BSP: A BSP-based parallel iterative processing system for big data on cloud architecture},
  author={Bao, Yubin and Wang, Zhigang and Gu, Yu and Yu, Ge and Leng, Fangling and Zhang, Hongxu and Chen, Bairen and Deng, Chao and Guo, Leitao},
  booktitle={International Conference on Database Systems for Advanced Applications},
  pages={31--45},
  year={2013},
  organization={Springer}
}

@inproceedings{wang2013bsp,
  title={A BSP-based parallel iterative processing system with multiple partition strategies for big graphs},
  author={Wang, Zhigang and Bao, Yubin and Gu, Yu and Leng, Fangling and Yu, Ge and Deng, Chao and Guo, Leitao},
  booktitle={2013 IEEE International Congress on Big Data},
  pages={173--180},
  year={2013},
  organization={IEEE}
}



@inproceedings{sigmod13,
 author = {Reynold Xin and Joseph E. Gonzalez and Michael Franklin and Ion Stoica},
 booktitle = { {SIGMOD} Grades Workshop},
 keywords = {peerrev},
 title = {GraphX: A Resilient Distributed Graph System on Spark},
 url = {https://dl.acm.org/citation.cfm?id=2484427},
 year = {2013}
}
@inproceedings{osdi12,
 author = {Joseph E. Gonzalez and Yucheng Low and Haijie Gu and Danny Bickson and Carlos Guestrin},
 booktitle = { {OSDI} '12},
 keywords = {peerrev},
 title = {PowerGraph: Distributed Graph-Parallel Computation on Natural Graphs},
 url = {https://www.usenix.org/system/files/conference/osdi12/osdi12-final-167.pdf},
 year = {2012}
}
@inproceedings{uai2010,
 author = {Yucheng Low and Joseph E. Gonzalez and Aapo Kyrola and Daniel Bickson and Carlos Guestrin and Joseph M. Hellerstein},
 booktitle = {Conference on Uncertainty in Artificial Intelligence (UAI)},
 keywords = {peerrev},
 title = {GraphLab: A New Parallel Framework for Machine Learning},
 url = {https://arxiv.org/abs/1006.4990},
 year = {2010}
}



@article{赵玉聪2015基于图匹配,
  title={基于图匹配的分层布局算法},
  author={赵玉聪 and 钟志农 and 吴烨 and 景宁},
  journal={计算机与现代化},
  number={8},
  pages={107-111},
  year={2015},
}
@article{汤颖2017基于改进力,
  title={基于改进力导引图布局的层级视觉抽象方法},
  author={汤颖 and 盛风帆 and 秦绪佳},
  journal={计算机辅助设计与图形学学报},
  volume={29},
  number={4},
  pages={641--650},
  year={2017}
}
@article{程致远2016面向大规模,
  title={面向大规模图数据的并行图布局算法},
  author={程致远 and 鲍玉斌 and 冷芳玲},
  journal={大数据},
  volume={2},
  number={5},
  pages={2016050},
  year={2016}
}
@article{顾惠健2017基于大规模,
  title={基于大规模社会网络的并行布局算法框架},
  author={顾惠健 and 韩忠愿 and 许加书},
  journal={计算机应用与软件},
  volume={34},
  number={1},
  pages={73--78},
  year={2017}
}
@article{wang2019structure,
  title={Structure-aware Fisheye Views for Efficient Large Graph Exploration},
  author={Wang, Yunhai and Wang, Yanyan and Zhang, Haifeng and Sun, Yinqi and Fu, Chi-Wing and Sedlmair, Michael and Chen, Baoquan and Deussen, Oliver},
  journal={IEEE transactions on visualization and computer graphics},
  volume={25},
  number={1},
  pages={566--575},
  year={2019},
  publisher={IEEE}
}
@article{wang2018revisiting,
  title={Revisiting stress majorization as a unified framework for interactive constrained graph visualization},
  author={Wang, Yunhai and Wang, Yanyan and Sun, Yinqi and Zhu, Lifeng and Lu, Kecheng and Fu, Chi-Wing and Sedlmair, Michael and Deussen, Oliver and Chen, Baoquan},
  journal={IEEE transactions on visualization and computer graphics},
  volume={24},
  number={1},
  pages={489--499},
  year={2018},
  publisher={IEEE}
}
@article{yuan2012intelligent,
  title={Intelligent graph layout using many users' input},
  author={Yuan, Xiaoru and Che, Limei and Hu, Yifan and Zhang, Xin},
  journal={IEEE transactions on visualization and computer graphics},
  volume={18},
  number={12},
  pages={2699--2708},
  year={2012},
  publisher={IEEE}
}
%---------------------------------------------------------------------------%
%-                                相关工作                                                                          -%
%---------------------------------------------------------------------------%

@inproceedings{chan2003visualisation,
  title={Visualisation of power-law network topologies},
  author={Chan, DS-M and Chua, Khim Shiong and Leckie, Christopher and Parhar, Ajeet},
  booktitle={The 11th IEEE International Conference on Networks, 2003. ICON2003.},
  pages={69--74},
  year={2003},
  organization={IEEE}
}

@inproceedings{telea2012computing,
  title={Computing Curve Skeletons from Medial Surfaces of 3D Shapes.},
  author={Telea, Alexandru and Jalba, Andrei C},
  booktitle={TPCG},
  pages={99--106},
  year={2012}
}
@article{huefficient,
  title={Efficient, High-Quality Force-Directed Graph Drawing},
  journal={Mathematica Journal},
  author={Hu, Yifan},
  year={2005}
}

@inproceedings{walshaw2000multilevel,
  title={A multilevel algorithm for force-directed graph drawing},
  author={Walshaw, Chris},
  booktitle={International Symposium on Graph Drawing},
  pages={171--182},
  year={2000},
  organization={Springer}
}

@article{vehlow2013visualizing,
  title={Visualizing fuzzy overlapping communities in networks},
  author={Vehlow, Corinna and Reinhardt, Thomas and Weiskopf, Daniel},
  journal={IEEE Transactions on Visualization and Computer Graphics},
  volume={19},
  number={12},
  pages={2486--2495},
  year={2013},
  publisher={IEEE}
}
@article{Bach2016Towards,
  title={Towards Unambiguous Edge Bundling: Investigating Confluent Drawings for Network Visualization},
  author={Bach, Benjamin and Riche, Nathalie Henry and Hurter, Christophe and Marriott, Kim and Dwyer, Tim},
  journal={{IEEE Transactions on Visualization \& Computer Graphics}},
  volume={23},
  number={1},
  pages={541-550},
  year={2016},
}

@incollection{falcao2017multiscale,
  title={Multiscale 2D medial axes and 3D surface skeletons by the image foresting transform},
  author={Falc{\~a}o, Alexandre and Feng, Cong and Kustra, Jacek and Telea, Alexandru},
  booktitle={Skeletonization},
  pages={43--70},
  year={2017},
  publisher={Elsevier}
}
@article{wu2018deploying,
  title={Deploying, Improving and Evaluating Edge Bundling Methods for Visualizing Large Graphs},
  author={Wu, Jieting},
  publisher={ETD collection for University of Nebraska - Lincoln.},
  url={https://digitalcommons.unl.edu/dissertations/AAI13419373},
  year={2018}
}
@inproceedings{Hachul2004Drawing,
  title={Drawing Large Graphs with a Potential-Field-Based Multilevel Algorithm},
  author={Hachul, Stefan and Jünger, Michael},
  booktitle={International Conference on Graph Drawing},
  year={2004},
}

@article{haleem2018evaluating,
  title={Evaluating the Readability of Force Directed Graph Layouts: A Deep Learning Approach},
  author={Haleem, Hammad and Wang, Yong and Puri, Abishek and Wadhwa, Sahil and Qu, Huamin},
  journal={arXiv preprint arXiv:1808.00703},
  year={2018}
}

@article{wu2018information,
  title={An Information-Theoretic Framework for Evaluating Edge Bundling Visualization},
  author={Wu, Jieting and Zhu, Feiyu and Liu, Xin and Yu, Hongfeng},
  journal={Entropy},
  volume={20},
  number={9},
  pages={625},
  year={2018},
  publisher={Multidisciplinary Digital Publishing Institute}
}

@Article{Davidson1998,
author="Davidson, George S.
and Hendrickson, Bruce
and Johnson, David K.
and Meyers, Charles E.
and Wylie, Brian N.",
title="Knowledge Mining With VxInsight: Discovery Through Interaction",
journal="Journal of Intelligent Information Systems",
year="1998",
month="Nov",
day="01",
volume="11",
number="3",
pages="259--285",
abstract="The explosive growth in the availability of information is overwhelming traditional information management systems. Although individual pieces of information have become easy to find, the larger context in which they exist has become harder to track. These contextual questions are ideally suited to visualization since the human visual system is remarkably adept at interpreting large quantities of information, and at detecting patterns and anomalies. The challenge is to present the information in a manner that maximally leverages our visual skills. This paper discusses a set of properties that such a presentation should have, and describes the design and functionality of VxInsight, a visualization tool built to these principles.",
issn="1573-7675",
doi="10.1023/A:1008690008856",
url="https://doi.org/10.1023/A:1008690008856"
}

@inproceedings{holten2009force,
  title={Force-directed edge bundling for graph visualization},
  author={Holten, Danny and Van Wijk, Jarke J},
  booktitle={Computer graphics forum},
  volume={28},
  number={3},
  pages={983--990},
  year={2009},
  organization={Wiley Online Library}
}



@article{jacomy2014forceatlas2,
  title={ForceAtlas2, a continuous graph layout algorithm for handy network visualization designed for the Gephi software},
  author={Jacomy, Mathieu and Venturini, Tommaso and Heymann, Sebastien and Bastian, Mathieu},
  journal={PloS one},
  volume={9},
  number={6},
  pages={e98679},
  year={2014},
  publisher={Public Library of Science}
}



@article{davidson1996drawing,
  title={Drawing graphs nicely using simulated annealing},
  author={Davidson, Ron and Harel, David},
  journal={ACM Transactions on Graphics (TOG)},
  volume={15},
  number={4},
  pages={301--331},
  year={1996},
  publisher={ACM}
}
@article{fruchterman1991graph,
  title={Graph drawing by force-directed placement},
  author={Fruchterman, Thomas MJ and Reingold, Edward M},
  journal={Software: Practice and experience},
  volume={21},
  number={11},
  pages={1129--1164},
  year={1991},
  publisher={Wiley Online Library}
}
@article{kamada1989algorithm,
  title={An algorithm for drawing general undirected graphs},
  author={Kamada, Tomihisa and Kawai, Satoru and others},
  journal={Information processing letters},
  volume={31},
  number={1},
  pages={7--15},
  year={1989},
  publisher={Citeseer}
}

@article{gerbessiotis1994direct,
  title={Direct bulk-synchronous parallel algorithms},
  author={Gerbessiotis, Alexandros V and Valiant, Leslie G},
  journal={Journal of parallel and distributed computing},
  volume={22},
  number={2},
  pages={251--267},
  year={1994},
  publisher={Elsevier}
}

@inproceedings{spangenberg2015evaluating,
  title={Evaluating new approaches of big data analytics frameworks},
  author={Spangenberg, Norman and Roth, Martin and Franczyk, Bogdan},
  booktitle={International Conference on Business Information Systems},
  pages={28--37},
  year={2015},
  organization={Springer}
}

@article{low2012distributed,
  title={Distributed GraphLab: a framework for machine learning and data mining in the cloud},
  author={Low, Yucheng and Bickson, Danny and Gonzalez, Joseph and Guestrin, Carlos and Kyrola, Aapo and Hellerstein, Joseph M},
  journal={Proceedings of the VLDB Endowment},
  volume={5},
  number={8},
  pages={716--727},
  year={2012},
  publisher={VLDB Endowment}
}

@inproceedings{gonzalez2012powergraph,
  title={Powergraph: Distributed graph-parallel computation on natural graphs},
  author={Gonzalez, Joseph E and Low, Yucheng and Gu, Haijie and Bickson, Danny and Guestrin, Carlos},
  booktitle={Presented as part of the 10th $\{$USENIX$\}$ Symposium on Operating Systems Design and Implementation ($\{$OSDI$\}$ 12)},
  pages={17--30},
  year={2012}
}

%---------------------------------------------------------------------------%
%-                                第一章等                                                                          -%
%---------------------------------------------------------------------------%
@book{Card1999Readings,
  title={Readings in information visualization: using vision to think},
  author={Card, S. K. and Mackinlay, J. D. and Shneiderman, B.},
  year={1999},
}

@article{williams1995,
  title={Visualization.},
  author={Williams, Munzner},
  journal={Annual Review of Information Science and Technology (ARIST)},
  number={30},
  pages={161-207},
  year={1995},
}

@book{telea2007data,
  title={Data visualization: principles and practice},
  author={Telea Alexandru C},
  year={2007},
  publisher={AK Peters/CRC Press}
}

@inproceedings{Antoine2015Distributed,
  title={Distributed graph layout with Spark},
  author={Hinge, Antoine and Auber, David},
  booktitle={2015 19th International Conference on Information Visualisation},
  pages={271--276},
  year={2015},
  organization={IEEE}
}


@article{赵南雨2017一种面向,
  title={一种面向Hadoop中间数据存储的混合存储系统},
  author={赵南雨 and 陈莉君},
  journal={信息技术},
  number={11},
  pages={169-174},
  year={2017},
}

@article{王娟2009一种元数据服务器集群的负载均衡算法,
  title={一种元数据服务器集群的负载均衡算法},
  author={王娟 and 冯丹 and 王芳 and 廖振松},
  journal={小型微型计算机系统},
  volume={30},
  number={4},
  pages={757-760},
  year={2009},
}

@article{左大鹏2015基于,
  title={基于Hadoop处理小文件的优化策略},
  author={左大鹏 and 徐薇},
  journal={软件},
  number={2},
  pages={107-111},
  year={2015},
}




@article{dean2008mapreduce,
  title={MapReduce: simplified data processing on large clusters},
  author={Dean, Jeffrey and Ghemawat, Sanjay},
  journal={Communications of the ACM},
  volume={51},
  number={1},
  pages={107--113},
  year={2008},
  publisher={ACM}
}

@article{董新华2013Hadoop,
  title={Hadoop系统性能优化与功能增强综述},
  author={董新华 and 李瑞轩 and 周湾湾 and 王聪 and 薛正元 and 廖东杰},
  journal={计算机研究与发展},
  volume={50},
  number={s2},
  pages={1-15},
  year={2013},
}

@article{Singh2012High,
  title={High Scalability of HDFS using Distributed Namespace},
  author={Singh, Harcharan Jit and Singh, V. P.},
  journal={International Journal of Computer Applications},
  volume={52},
  number={17},
  pages={30-37},
  year={2012},
}



@article{于戈2011云计算,
  title={云计算环境下的大规模图数据处理技术},
  author={于戈 and 谷峪 and 鲍玉斌 and 王志刚},
  journal={计算机学报},
  volume={34},
  number={10},
  pages={1753-1767},
  year={2011},
}

@article{palmer1994rethinking,
  title={Rethinking perceptual organization: The role of uniform connectedness},
  author={Palmer, Stephen and Rock, Irvin},
  journal={Psychonomic bulletin \& review},
  volume={1},
  number={1},
  pages={29--55},
  year={1994},
  publisher={Springer}
}



@article{johnson2013social,
  title={Social network analysis: A systematic approach for investigating},
  author={Johnson, Jennifer and Reitzel, John David and Norwood, B and McCoy, D and Cumming, B and Tate, R},
  journal={FBI Law Enforcement Bulletin.},
  volume={350},
  year={2013}
}

@article{rauber2017visualizing,
  title={Visualizing the hidden activity of artificial neural networks},
  author={Rauber, Paulo E and Fadel, Samuel G and Falcao, Alexandre X and Telea, Alexandru C},
  journal={IEEE transactions on visualization and computer graphics},
  volume={23},
  number={1},
  pages={101--110},
  year={2017},
  publisher={IEEE}
}

@inproceedings{zaharia2012resilient,
  title={Resilient distributed datasets: A fault-tolerant abstraction for in-memory cluster computing},
  author={Zaharia, Matei and Chowdhury, Mosharaf and Das, Tathagata and Dave, Ankur and Ma, Justin and McCauley, Murphy and Franklin, Michael J and Shenker, Scott and Stoica, Ion},
  booktitle={Proceedings of the 9th USENIX conference on Networked Systems Design and Implementation},
  pages={2--2},
  year={2012},
  organization={USENIX Association}
}


@inproceedings{malewicz2010pregel,
  title={Pregel: a system for large-scale graph processing},
  author={Malewicz, Grzegorz and Austern, Matthew H and Bik, Aart JC and Dehnert, James C and Horn, Ilan and Leiser, Naty and Czajkowski, Grzegorz},
  booktitle={Proceedings of the 2010 ACM SIGMOD International Conference on Management of data},
  pages={135--146},
  year={2010},
  organization={ACM}
}

@article{bu2010haloop,
  title={HaLoop: efficient iterative data processing on large clusters},
  author={Bu, Yingyi and Howe, Bill and Balazinska, Magdalena and Ernst, Michael D},
  journal={Proceedings of the VLDB Endowment},
  volume={3},
  number={1-2},
  pages={285--296},
  year={2010},
  publisher={VLDB Endowment}
}

@article{eades1984heuristic,
  title={A heuristic for graph drawing},
  author={Eades, Peter},
  journal={Congressus numerantium},
  volume={42},
  pages={149--160},
  year={1984}
}







@Misc{neo4j,
    howpublished = {\url{https://neo4j.com/developer/apache-spark/}},
    url = {https://neo4j.com/developer/apache-spark/},
    title = {{Neo4J Documention}},
    year={2016}
}

@Misc{gephi,
    howpublished = {\url{http://snap.stanford.edu/data}},
    url = {https://github.com/gephi/gephi/releases},
    title = {{Gephi Releases}},
    year={2015}
}


@misc{snapnets,
  author       = {Jure Leskovec and Andrej Krevl},
  title        = {{SNAP Datasets}: {Stanford Large Network Dataset Collection}},
  howpublished = {\url{http://snap.stanford.edu/data}},
  url          = {http://snap.stanford.edu/data},
  month        = jun,
  year         = 2014
}


@Misc{spark.apache.org,
    url = {https://spark.apache.org/docs/},
    title = {{Apache Spark}},
    year={2019}
}

@Misc{hadoop.apache.org,
    url = {https://hadoop.apache.org/},
    title = {{Hadoop Releases}},
    year={2019}
}

@Misc{hadoop.issue,
    url = {https://issues.apache.org/},
    title = {{Hadoop Issues}},
    year={2019}
}

@Misc{ieee.vis,
    url = {http://ieeevis.org/year/2019/welcome},
    title = {{IEEE VIS}},
    year={2019}
}
%---------------------------------------------------------------------------%
